<?xml version="1.0" encoding="UTF-8"?>
<!DOCTYPE html PUBLIC "-//W3C//DTD XHTML 1.0 Transitional//EN"
    "http://www.w3.org/TR/xhtml1/DTD/xhtml1-transitional.dtd">
<html xmlns="http://www.w3.org/1999/xhtml" xml:lang="en" lang="en">
 <head>
  <title>
</title>
<meta http-equiv="Content-Type" content="text/html;charset=utf-8" />
  <meta name='ocr-system' content='tesseract 3.04.00' />
  <meta name='ocr-capabilities' content='ocr_page ocr_carea ocr_par ocr_line ocrx_word'/>
</head>
<body>
  <div class='ocr_page' id='page_1' title='image "4737416_0020.png"; bbox 0 0 1924 2531; ppageno 0'>
   <div class='ocr_carea' id='block_1_1' title="bbox 961 207 1024 253">
    <p class='ocr_par' dir='ltr' id='par_1_1' title="bbox 961 207 1024 253">
     <span class='ocr_line' id='line_1_1' title="bbox 961 207 1024 253; baseline 0.016 -1"><span class='ocrx_word' id='word_1_1' title='bbox 961 207 1024 253; x_wconf 74' lang='lat'>14</span> 
     </span>
    </p>
   </div>
   <div class='ocr_carea' id='block_1_2' title="bbox 245 364 1817 2199">
    <p class='ocr_par' dir='ltr' id='par_1_2' title="bbox 245 364 1817 2199">
     <span class='ocr_line' id='line_1_2' title="bbox 245 364 1762 413; baseline 0.004 -12"><span class='ocrx_word' id='word_1_2' title='bbox 245 364 359 412; x_wconf 77' lang='lat' dir='ltr'>quam</span> <span class='ocrx_word' id='word_1_3' title='bbox 382 367 551 411; x_wconf 87' lang='lat' dir='ltr'>primum</span> <span class='ocrx_word' id='word_1_4' title='bbox 574 370 774 412; x_wconf 60' lang='lat' dir='ltr'>posuerat,</span> <span class='ocrx_word' id='word_1_5' title='bbox 813 367 991 402; x_wconf 85' lang='lat' dir='ltr'>nonnihil</span> <span class='ocrx_word' id='word_1_6' title='bbox 1022 369 1218 405; x_wconf 74' lang='lat' dir='ltr'>remittere</span> <span class='ocrx_word' id='word_1_7' title='bbox 1249 367 1458 412; x_wconf 72' lang='grc' dir='ltr'>(συγχωρεῖν</span> <span class='ocrx_word' id='word_1_8' title='bbox 1477 370 1539 404; x_wconf 76' lang='grc' dir='ltr'>τοῦ</span> <span class='ocrx_word' id='word_1_9' title='bbox 1558 367 1762 413; x_wconf 69' lang='grc' dir='ltr'><strong><em>τιμήματος)</em></strong></span> 
     </span>
     <span class='ocr_line' id='line_1_3' title="bbox 247 422 1764 488; baseline 0.003 -22"><span class='ocrx_word' id='word_1_10' title='bbox 247 432 348 477; x_wconf 88' lang='lat' dir='ltr'>quod</span> <span class='ocrx_word' id='word_1_11' title='bbox 381 433 459 466; x_wconf 87' lang='lat' dir='ltr'>nisi</span> <span class='ocrx_word' id='word_1_12' title='bbox 497 435 657 475; x_wconf 80' lang='lat' dir='ltr'>faceret,</span> <span class='ocrx_word' id='word_1_13' title='bbox 702 422 830 477; x_wconf 75' lang='grc' dir='ltr'><strong><em>τίμῂμα</em></strong></span> <span class='ocrx_word' id='word_1_14' title='bbox 861 435 1075 479; x_wconf 83' lang='lat' dir='ltr'>repetebat,</span> <span class='ocrx_word' id='word_1_15' title='bbox 1119 433 1220 480; x_wconf 85' lang='lat' dir='ltr'>quod</span> <span class='ocrx_word' id='word_1_16' title='bbox 1251 435 1292 468; x_wconf 85' lang='lat' dir='ltr'>in</span> <span class='ocrx_word' id='word_1_17' title='bbox 1321 438 1436 488; x_wconf 68' lang='grc' dir='ltr'><strong><em>γραφῇ</em></strong></span> <span class='ocrx_word' id='word_1_18' title='bbox 1457 436 1533 480; x_wconf 81' lang='lat' dir='ltr'>jam</span> <span class='ocrx_word' id='word_1_19' title='bbox 1550 441 1764 482; x_wconf 73' lang='lat' dir='ltr'>possuerat.</span> 
     </span>
     <span class='ocr_line' id='line_1_4' title="bbox 246 498 1763 548; baseline 0.004 -16"><span class='ocrx_word' id='word_1_20' title='bbox 246 498 394 534; x_wconf 83' lang='lat' dir='ltr'><strong>Deinde</strong></span> <span class='ocrx_word' id='word_1_21' title='bbox 428 509 538 542; x_wconf 86' lang='lat' dir='ltr'>reus,</span> <span class='ocrx_word' id='word_1_22' title='bbox 580 510 656 544; x_wconf 90' lang='lat' dir='ltr'>qua</span> <span class='ocrx_word' id='word_1_23' title='bbox 684 511 806 545; x_wconf 84' lang='lat' dir='ltr'>poena</span> <span class='ocrx_word' id='word_1_24' title='bbox 838 511 878 535; x_wconf 89' lang='lat' dir='ltr'>se</span> <span class='ocrx_word' id='word_1_25' title='bbox 903 500 1063 547; x_wconf 82' lang='lat' dir='ltr'>dignum</span> <span class='ocrx_word' id='word_1_26' title='bbox 1097 501 1273 545; x_wconf 86' lang='lat' dir='ltr'>haberet,</span> <span class='ocrx_word' id='word_1_27' title='bbox 1316 501 1546 546; x_wconf 79' lang='lat' dir='ltr'>exponebat,</span> <span class='ocrx_word' id='word_1_28' title='bbox 1587 502 1688 548; x_wconf 83' lang='lat' dir='ltr'>quod</span> <span class='ocrx_word' id='word_1_29' title='bbox 1716 503 1763 538; x_wconf 84' lang='lat' dir='ltr'>ab</span> 
     </span>
     <span class='ocr_line' id='line_1_5' title="bbox 246 564 1763 610; baseline 0.002 -12"><span class='ocrx_word' id='word_1_30' title='bbox 246 564 543 599; x_wconf 74' lang='lat' dir='ltr'>Atheniensibus</span> <span class='ocrx_word' id='word_1_31' title='bbox 567 564 713 601; x_wconf 81' lang='lat' dir='ltr'>dictum</span> <span class='ocrx_word' id='word_1_32' title='bbox 736 571 793 601; x_wconf 86' lang='lat' dir='ltr'>est</span> <span class='ocrx_word' id='word_1_33' title='bbox 813 565 1072 607; x_wconf 66' lang='grc' dir='ltr'><strong><em>ἐπιτιμᾶσθαι,</em></strong></span> <span class='ocrx_word' id='word_1_34' title='bbox 1093 566 1204 609; x_wconf 51' lang='lat' dir='ltr'>imm?</span> <span class='ocrx_word' id='word_1_35' title='bbox 1225 569 1411 609; x_wconf 76' lang='grc' dir='ltr'><strong><em>τιμᾶσθαι,</em></strong></span> <span class='ocrx_word' id='word_1_36' title='bbox 1431 566 1643 610; x_wconf 67' lang='grc' dir='ltr'>ἐπιτίμησις.</span> <span class='ocrx_word' id='word_1_37' title='bbox 1675 568 1763 603; x_wconf 83' lang='lat' dir='ltr'>Jam</span> 
     </span>
     <span class='ocr_line' id='line_1_6' title="bbox 247 629 1764 677; baseline 0.003 -13"><span class='ocrx_word' id='word_1_38' title='bbox 247 635 379 664; x_wconf 88' lang='lat' dir='ltr'>utrum</span> <span class='ocrx_word' id='word_1_39' title='bbox 400 629 548 674; x_wconf 86' lang='lat' dir='ltr'>judices</span> <span class='ocrx_word' id='word_1_40' title='bbox 571 631 734 667; x_wconf 86' lang='lat' dir='ltr'>alterum</span> <span class='ocrx_word' id='word_1_41' title='bbox 758 633 916 667; x_wconf 85' lang='lat' dir='ltr'>illorum</span> <span class='ocrx_word' id='word_1_42' title='bbox 938 631 1134 676; x_wconf 80' lang='grc' dir='ltr'><strong><em>τιμημάτων</em></strong></span> <span class='ocrx_word' id='word_1_43' title='bbox 1154 639 1282 669; x_wconf 85' lang='lat' dir='ltr'>ratum</span> <span class='ocrx_word' id='word_1_44' title='bbox 1305 636 1432 669; x_wconf 84' lang='lat' dir='ltr'>facere</span> <span class='ocrx_word' id='word_1_45' title='bbox 1454 632 1675 677; x_wconf 76' lang='lat' dir='ltr'>debuerint,</span> <span class='ocrx_word' id='word_1_46' title='bbox 1711 644 1764 668; x_wconf 76' lang='lat' dir='ltr'>an</span> 
     </span>
     <span class='ocr_line' id='line_1_7' title="bbox 248 696 1765 746; baseline 0.003 -16"><span class='ocrx_word' id='word_1_47' title='bbox 248 697 376 742; x_wconf 87' lang='lat' dir='ltr'>potius</span> <span class='ocrx_word' id='word_1_48' title='bbox 401 697 517 730; x_wconf 82' lang='lat' dir='ltr'>aliam</span> <span class='ocrx_word' id='word_1_49' title='bbox 539 696 652 742; x_wconf 90' lang='lat' dir='ltr'>plane</span> <span class='ocrx_word' id='word_1_50' title='bbox 674 699 869 743; x_wconf 88' lang='lat' dir='ltr'>potuerint</span> <span class='ocrx_word' id='word_1_51' title='bbox 891 701 1125 736; x_wconf 86' lang='lat' dir='ltr'>constituere</span> <span class='ocrx_word' id='word_1_52' title='bbox 1147 711 1328 746; x_wconf 87' lang='lat' dir='ltr'>poenam,</span> <span class='ocrx_word' id='word_1_53' title='bbox 1367 711 1443 735; x_wconf 90' lang='lat' dir='ltr'>non</span> <span class='ocrx_word' id='word_1_54' title='bbox 1473 699 1566 734; x_wconf 87' lang='lat' dir='ltr'>satis</span> <span class='ocrx_word' id='word_1_55' title='bbox 1591 703 1765 735; x_wconf 72' lang='lat' dir='ltr'>constare</span> 
     </span>
     <span class='ocr_line' id='line_1_8' title="bbox 248 761 1764 810; baseline 0.002 -14"><span class='ocrx_word' id='word_1_56' title='bbox 248 761 414 797; x_wconf 85' lang='lat' dir='ltr'>videtur.</span> <span class='ocrx_word' id='word_1_57' title='bbox 470 762 516 800; x_wconf 79' lang='lat' dir='ltr'>Si</span> <span class='ocrx_word' id='word_1_58' title='bbox 549 767 675 798; x_wconf 87' lang='lat' dir='ltr'>tamen</span> <span class='ocrx_word' id='word_1_59' title='bbox 704 763 785 798; x_wconf 86' lang='lat' dir='ltr'>ulla</span> <span class='ocrx_word' id='word_1_60' title='bbox 816 765 859 800; x_wconf 87' lang='lat' dir='ltr'>in</span> <span class='ocrx_word' id='word_1_61' title='bbox 895 775 1011 800; x_wconf 84' lang='lat' dir='ltr'>causa</span> <span class='ocrx_word' id='word_1_62' title='bbox 1044 765 1159 810; x_wconf 85' lang='lat' dir='ltr'>hujus</span> <span class='ocrx_word' id='word_1_63' title='bbox 1193 767 1292 810; x_wconf 82' lang='lat' dir='ltr'>juris</span> <span class='ocrx_word' id='word_1_64' title='bbox 1332 764 1534 801; x_wconf 82' lang='lat' dir='ltr'>exercendi</span> <span class='ocrx_word' id='word_1_65' title='bbox 1569 764 1764 809; x_wconf 81' lang='lat' dir='ltr'>judicibus</span> 
     </span>
     <span class='ocr_line' id='line_1_9' title="bbox 249 826 1763 876; baseline 0.001 -13"><span class='ocrx_word' id='word_1_66' title='bbox 249 826 338 863; x_wconf 87' lang='lat' dir='ltr'>data</span> <span class='ocrx_word' id='word_1_67' title='bbox 366 832 428 863; x_wconf 87' lang='lat' dir='ltr'>est</span> <span class='ocrx_word' id='word_1_68' title='bbox 456 830 627 871; x_wconf 80' lang='lat' dir='ltr'>occasio,</span> <span class='ocrx_word' id='word_1_69' title='bbox 672 831 815 865; x_wconf 78' lang='lat' dir='ltr'>factum</span> <span class='ocrx_word' id='word_1_70' title='bbox 846 830 919 865; x_wconf 87' lang='lat' dir='ltr'>hoc</span> <span class='ocrx_word' id='word_1_71' title='bbox 949 836 1006 866; x_wconf 88' lang='lat' dir='ltr'>est</span> <span class='ocrx_word' id='word_1_72' title='bbox 1028 832 1070 865; x_wconf 87' lang='lat' dir='ltr'>in</span> <span class='ocrx_word' id='word_1_73' title='bbox 1094 842 1210 866; x_wconf 80' lang='lat' dir='ltr'>causa</span> <span class='ocrx_word' id='word_1_74' title='bbox 1231 831 1425 874; x_wconf 80' lang='lat' dir='ltr'>Socratis,</span> <span class='ocrx_word' id='word_1_75' title='bbox 1463 841 1693 876; x_wconf 85' lang='lat' dir='ltr'>quamquam</span> <span class='ocrx_word' id='word_1_76' title='bbox 1716 831 1763 865; x_wconf 89' lang='lat' dir='ltr'>ab</span> 
     </span>
     <span class='ocr_line' id='line_1_10' title="bbox 250 894 1765 944; baseline 0.002 -17"><span class='ocrx_word' id='word_1_77' title='bbox 250 894 449 936; x_wconf 87' lang='lat' dir='ltr'>omnibus,</span> <span class='ocrx_word' id='word_1_78' title='bbox 487 896 555 940; x_wconf 89' lang='lat' dir='ltr'>qui</span> <span class='ocrx_word' id='word_1_79' title='bbox 587 894 634 931; x_wconf 90' lang='lat' dir='ltr'>de</span> <span class='ocrx_word' id='word_1_80' title='bbox 657 894 828 930; x_wconf 85' lang='lat' dir='ltr'>Socratis</span> <span class='ocrx_word' id='word_1_81' title='bbox 861 907 977 930; x_wconf 85' lang='lat' dir='ltr'>causa</span> <span class='ocrx_word' id='word_1_82' title='bbox 999 897 1199 939; x_wconf 83' lang='lat' dir='ltr'>dixerunt,</span> <span class='ocrx_word' id='word_1_83' title='bbox 1235 908 1282 932; x_wconf 89' lang='lat' dir='ltr'>ne</span> <span class='ocrx_word' id='word_1_84' title='bbox 1313 896 1432 932; x_wconf 84' lang='lat' dir='ltr'>verbo</span> <span class='ocrx_word' id='word_1_85' title='bbox 1467 895 1622 941; x_wconf 84' lang='lat' dir='ltr'>quidem</span> <span class='ocrx_word' id='word_1_86' title='bbox 1645 898 1765 944; x_wconf 73' lang='lat' dir='ltr'>signi-</span> 
     </span>
     <span class='ocr_line' id='line_1_11' title="bbox 249 959 1765 1008; baseline 0.001 -15"><span class='ocrx_word' id='word_1_87' title='bbox 249 959 405 994; x_wconf 86' lang='lat' dir='ltr'>ficatum</span> <span class='ocrx_word' id='word_1_88' title='bbox 429 966 502 1000; x_wconf 89' lang='lat' dir='ltr'>est,</span> <span class='ocrx_word' id='word_1_89' title='bbox 539 960 586 995; x_wconf 88' lang='lat' dir='ltr'>ab</span> <span class='ocrx_word' id='word_1_90' title='bbox 610 961 691 996; x_wconf 91' lang='lat' dir='ltr'>ullo</span> <span class='ocrx_word' id='word_1_91' title='bbox 713 961 841 1005; x_wconf 89' lang='lat' dir='ltr'>judice</span> <span class='ocrx_word' id='word_1_92' title='bbox 864 965 1006 997; x_wconf 85' lang='lat' dir='ltr'>factum</span> <span class='ocrx_word' id='word_1_93' title='bbox 1029 974 1111 998; x_wconf 87' lang='lat' dir='ltr'>esse</span> <span class='ocrx_word' id='word_1_94' title='bbox 1135 963 1368 1008; x_wconf 87' lang='lat' dir='ltr'>periculum,</span> <span class='ocrx_word' id='word_1_95' title='bbox 1411 966 1556 997; x_wconf 85' lang='lat' dir='ltr'>ceteros</span> <span class='ocrx_word' id='word_1_96' title='bbox 1579 963 1765 997; x_wconf 85' lang='lat' dir='ltr'>sententia</span> 
     </span>
     <span class='ocr_line' id='line_1_12' title="bbox 250 1026 1766 1075; baseline 0.003 -17"><span class='ocrx_word' id='word_1_97' title='bbox 250 1036 321 1058; x_wconf 84' lang='lat' dir='ltr'>sua</span> <span class='ocrx_word' id='word_1_98' title='bbox 345 1026 613 1070; x_wconf 82' lang='lat' dir='ltr'>permovendi,</span> <span class='ocrx_word' id='word_1_99' title='bbox 653 1032 697 1062; x_wconf 87' lang='lat' dir='ltr'>ut</span> <span class='ocrx_word' id='word_1_100' title='bbox 727 1039 889 1073; x_wconf 81' lang='lat' dir='ltr'>poenam</span> <span class='ocrx_word' id='word_1_101' title='bbox 912 1030 1202 1065; x_wconf 39' lang='lat' dir='ltr'>*imminuerent-</span> <span class='ocrx_word' id='word_1_102' title='bbox 1257 1030 1287 1064; x_wconf 85' lang='grc' dir='ltr'><strong>Ε</strong></span> <span class='ocrx_word' id='word_1_103' title='bbox 1309 1029 1478 1063; x_wconf 77' lang='lat' dir='ltr'>Platonis</span> <span class='ocrx_word' id='word_1_104' title='bbox 1501 1027 1678 1075; x_wconf 74' lang='lat' dir='ltr'>apologia</span> <span class='ocrx_word' id='word_1_105' title='bbox 1700 1028 1766 1063; x_wconf 90' lang='lat' dir='ltr'>So-</span> 
     </span>
     <span class='ocr_line' id='line_1_13' title="bbox 253 1092 1809 1137; baseline 0.003 -13"><span class='ocrx_word' id='word_1_106' title='bbox 253 1092 390 1134; x_wconf 80' lang='lat' dir='ltr'>cratis,</span> <span class='ocrx_word' id='word_1_107' title='bbox 435 1103 550 1137; x_wconf 89' lang='lat' dir='ltr'>quam</span> <span class='ocrx_word' id='word_1_108' title='bbox 579 1093 864 1131; x_wconf 83' lang='lat' dir='ltr'>accommodate</span> <span class='ocrx_word' id='word_1_109' title='bbox 899 1095 948 1131; x_wconf 80' lang='lat' dir='ltr'>ad</span> <span class='ocrx_word' id='word_1_110' title='bbox 979 1096 1181 1130; x_wconf 85' lang='lat' dir='ltr'>veritatem</span> <span class='ocrx_word' id='word_1_111' title='bbox 1219 1093 1437 1130; x_wconf 84' lang='lat' dir='ltr'>describere</span> <span class='ocrx_word' id='word_1_112' title='bbox 1471 1094 1579 1129; x_wconf 87' lang='lat' dir='ltr'>illam</span> <span class='ocrx_word' id='word_1_113' title='bbox 1612 1094 1766 1129; x_wconf 73' lang='lat' dir='ltr'>causam</span> <span class='ocrx_word' id='word_1_114' title='bbox 1802 1119 1809 1123; x_wconf 83' lang='lat'>-</span> 
     </span>
     <span class='ocr_line' id='line_1_14' title="bbox 253 1157 1768 1206; baseline 0.003 -16"><span class='ocrx_word' id='word_1_115' title='bbox 253 1157 468 1199; x_wconf 71' lang='lat' dir='ltr'>verisimile</span> <span class='ocrx_word' id='word_1_116' title='bbox 498 1164 572 1202; x_wconf 87' lang='lat' dir='ltr'>est,</span> <span class='ocrx_word' id='word_1_117' title='bbox 611 1161 729 1198; x_wconf 74' lang='lat' dir='ltr'>totius</span> <span class='ocrx_word' id='word_1_118' title='bbox 759 1162 819 1196; x_wconf 87' lang='lat' dir='ltr'>rei</span> <span class='ocrx_word' id='word_1_119' title='bbox 847 1160 1023 1197; x_wconf 81' lang='lat' dir='ltr'>ordinem</span> <span class='ocrx_word' id='word_1_120' title='bbox 1054 1162 1317 1206; x_wconf 81' lang='lat' dir='ltr'>rationemque</span> <span class='ocrx_word' id='word_1_121' title='bbox 1345 1160 1561 1196; x_wconf 83' lang='lat' dir='ltr'>luculenter</span> <span class='ocrx_word' id='word_1_122' title='bbox 1581 1161 1768 1206; x_wconf 85' lang='lat' dir='ltr'>perspici-</span> 
     </span>
     <span class='ocr_line' id='line_1_15' title="bbox 255 1223 1767 1274; baseline 0.002 -18"><span class='ocrx_word' id='word_1_123' title='bbox 255 1233 349 1257; x_wconf 87' lang='lat' dir='ltr'>mus.</span> <span class='ocrx_word' id='word_1_124' title='bbox 408 1223 607 1267; x_wconf 82' lang='lat' dir='ltr'>Socrates,</span> <span class='ocrx_word' id='word_1_125' title='bbox 646 1230 847 1271; x_wconf 83' lang='lat' dir='ltr'>postquam</span> <span class='ocrx_word' id='word_1_126' title='bbox 877 1236 900 1259; x_wconf 87' lang='lat' dir='ltr'>a</span> <span class='ocrx_word' id='word_1_127' title='bbox 930 1227 1074 1269; x_wconf 84' lang='lat' dir='ltr'>majore</span> <span class='ocrx_word' id='word_1_128' title='bbox 1096 1226 1387 1274; x_wconf 79' lang='lat' dir='ltr'>suffragantium</span> <span class='ocrx_word' id='word_1_129' title='bbox 1409 1236 1588 1268; x_wconf 88' lang='lat' dir='ltr'>numero,</span> <span class='ocrx_word' id='word_1_130' title='bbox 1620 1226 1688 1271; x_wconf 88' lang='lat' dir='ltr'>qni</span> <span class='ocrx_word' id='word_1_131' title='bbox 1704 1230 1767 1260; x_wconf 72' lang='lat' dir='ltr'>ta-</span> 
     </span>
     <span class='ocr_line' id='line_1_16' title="bbox 254 1291 1767 1337; baseline 0.003 -15"><span class='ocrx_word' id='word_1_132' title='bbox 254 1300 339 1324; x_wconf 87' lang='lat' dir='ltr'>men</span> <span class='ocrx_word' id='word_1_133' title='bbox 369 1301 452 1332; x_wconf 79' lang='lat' dir='ltr'>eos,</span> <span class='ocrx_word' id='word_1_134' title='bbox 488 1300 510 1323; x_wconf 91' lang='lat' dir='ltr'>a</span> <span class='ocrx_word' id='word_1_135' title='bbox 540 1291 680 1335; x_wconf 88' lang='lat' dir='ltr'>quibus</span> <span class='ocrx_word' id='word_1_136' title='bbox 709 1291 993 1335; x_wconf 73' lang='lat' dir='ltr'>absolveretur,</span> <span class='ocrx_word' id='word_1_137' title='bbox 1034 1294 1167 1337; x_wconf 84' lang='lat' dir='ltr'>paucis</span> <span class='ocrx_word' id='word_1_138' title='bbox 1198 1296 1346 1326; x_wconf 88' lang='lat' dir='ltr'>tantum</span> <span class='ocrx_word' id='word_1_139' title='bbox 1377 1291 1600 1337; x_wconf 86' lang='lat' dir='ltr'>superabat,</span> <span class='ocrx_word' id='word_1_140' title='bbox 1643 1292 1767 1337; x_wconf 83' lang='lat' dir='ltr'>capite</span> 
     </span>
     <span class='ocr_line' id='line_1_17' title="bbox 254 1343 1768 1402; baseline 0.001 -13"><span class='ocrx_word' id='word_1_141' title='bbox 254 1356 329 1390; x_wconf 83' lang='lat' dir='ltr'>fuit</span> <span class='ocrx_word' id='word_1_142' title='bbox 352 1354 573 1391; x_wconf 85' lang='lat' dir='ltr'>damnatus:</span> <span class='ocrx_word' id='word_1_143' title='bbox 606 1358 733 1402; x_wconf 85' lang='lat' dir='ltr'>primo</span> <span class='ocrx_word' id='word_1_144' title='bbox 761 1358 916 1402; x_wconf 87' lang='lat' dir='ltr'>quidem</span> <span class='ocrx_word' id='word_1_145' title='bbox 944 1363 1094 1393; x_wconf 84' lang='lat' dir='ltr'>tantum</span> <span class='ocrx_word' id='word_1_146' title='bbox 1124 1359 1265 1400; x_wconf 84' lang='lat' dir='ltr'>abfuit,</span> <span class='ocrx_word' id='word_1_147' title='bbox 1305 1362 1349 1392; x_wconf 90' lang='lat' dir='ltr'>ut</span> <span class='ocrx_word' id='word_1_148' title='bbox 1377 1367 1539 1402; x_wconf 80' lang='lat' dir='ltr'>poenam</span> <span class='ocrx_word' id='word_1_149' title='bbox 1570 1357 1647 1391; x_wconf 91' lang='lat' dir='ltr'>sibi</span> <span class='ocrx_word' id='word_1_150' title='bbox 1678 1343 1768 1392; x_wconf 63' lang='lat' dir='ltr'>con,-</span> 
     </span>
     <span class='ocr_line' id='line_1_18' title="bbox 253 1422 1768 1472; baseline 0.003 -17"><span class='ocrx_word' id='word_1_151' title='bbox 253 1423 450 1465; x_wconf 81' lang='lat' dir='ltr'>stitueret,</span> <span class='ocrx_word' id='word_1_152' title='bbox 495 1428 539 1457; x_wconf 86' lang='lat' dir='ltr'>ut</span> <span class='ocrx_word' id='word_1_153' title='bbox 571 1423 755 1458; x_wconf 85' lang='lat' dir='ltr'>beneficio</span> <span class='ocrx_word' id='word_1_154' title='bbox 788 1434 829 1458; x_wconf 86' lang='lat' dir='ltr'>se</span> <span class='ocrx_word' id='word_1_155' title='bbox 866 1424 1025 1471; x_wconf 81' lang='lat' dir='ltr'>dignum</span> <span class='ocrx_word' id='word_1_156' title='bbox 1058 1425 1270 1472; x_wconf 74' lang='lat' dir='ltr'>judIcaret,</span> <span class='ocrx_word' id='word_1_157' title='bbox 1316 1434 1391 1469; x_wconf 90' lang='lat' dir='ltr'>quo</span> <span class='ocrx_word' id='word_1_158' title='bbox 1429 1424 1462 1458; x_wconf 83' lang='lat' dir='ltr'>ii</span> <span class='ocrx_word' id='word_1_159' title='bbox 1493 1422 1768 1465; x_wconf 79' lang='lat' dir='ltr'>afficiebantur,</span> 
     </span>
     <span class='ocr_line' id='line_1_19' title="bbox 255 1487 1768 1537; baseline 0 -14"><span class='ocrx_word' id='word_1_160' title='bbox 255 1490 323 1534; x_wconf 88' lang='lat' dir='ltr'>qui</span> <span class='ocrx_word' id='word_1_161' title='bbox 342 1489 437 1524; x_wconf 87' lang='lat' dir='ltr'>bene</span> <span class='ocrx_word' id='word_1_162' title='bbox 455 1487 502 1525; x_wconf 87' lang='lat' dir='ltr'>de</span> <span class='ocrx_word' id='word_1_163' title='bbox 526 1500 569 1524; x_wconf 89' lang='lat' dir='ltr'>re</span> <span class='ocrx_word' id='word_1_164' title='bbox 591 1489 747 1534; x_wconf 87' lang='lat' dir='ltr'>publica</span> <span class='ocrx_word' id='word_1_165' title='bbox 764 1492 914 1533; x_wconf 87' lang='lat' dir='ltr'>meriti,</span> <span class='ocrx_word' id='word_1_166' title='bbox 939 1492 981 1526; x_wconf 91' lang='lat' dir='ltr'>in</span> <span class='ocrx_word' id='word_1_167' title='bbox 1000 1496 1185 1537; x_wconf 70' lang='lat' dir='ltr'>prytaneo</span> <span class='ocrx_word' id='word_1_168' title='bbox 1208 1491 1362 1537; x_wconf 87' lang='lat' dir='ltr'>publice</span> <span class='ocrx_word' id='word_1_169' title='bbox 1384 1490 1607 1533; x_wconf 84' lang='lat' dir='ltr'>alebantur,</span> <span class='ocrx_word' id='word_1_170' title='bbox 1630 1488 1768 1524; x_wconf 85' lang='lat' dir='ltr'>deinde</span> 
     </span>
     <span class='ocr_line' id='line_1_20' title="bbox 255 1553 1767 1604; baseline 0.001 -16"><span class='ocrx_word' id='word_1_171' title='bbox 255 1565 348 1604; x_wconf 86' lang='lat' dir='ltr'>vero</span> <span class='ocrx_word' id='word_1_172' title='bbox 381 1556 509 1599; x_wconf 84' lang='lat' dir='ltr'>potius</span> <span class='ocrx_word' id='word_1_173' title='bbox 542 1553 702 1592; x_wconf 84' lang='lat' dir='ltr'>ludendi</span> <span class='ocrx_word' id='word_1_174' title='bbox 731 1555 871 1598; x_wconf 85' lang='lat' dir='ltr'>judicii</span> <span class='ocrx_word' id='word_1_175' title='bbox 903 1567 1037 1599; x_wconf 79' lang='lat' dir='ltr'>cansa,</span> <span class='ocrx_word' id='word_1_176' title='bbox 1082 1568 1197 1602; x_wconf 86' lang='lat' dir='ltr'>quam</span> <span class='ocrx_word' id='word_1_177' title='bbox 1229 1567 1304 1603; x_wconf 89' lang='lat' dir='ltr'>quo</span> <span class='ocrx_word' id='word_1_178' title='bbox 1338 1567 1381 1591; x_wconf 85' lang='lat' dir='ltr'>re</span> <span class='ocrx_word' id='word_1_179' title='bbox 1411 1566 1505 1591; x_wconf 72' lang='lat' dir='ltr'>vera</span> <span class='ocrx_word' id='word_1_180' title='bbox 1528 1555 1636 1590; x_wconf 81' lang='lat' dir='ltr'>litem</span> <span class='ocrx_word' id='word_1_181' title='bbox 1658 1566 1767 1589; x_wconf 82' lang='lat' dir='ltr'>suam</span> 
     </span>
     <span class='ocr_line' id='line_1_21' title="bbox 257 1619 1767 1667; baseline 0 -12"><span class='ocrx_word' id='word_1_182' title='bbox 257 1623 496 1664; x_wconf 83' lang='lat' dir='ltr'>aestimaret,</span> <span class='ocrx_word' id='word_1_183' title='bbox 529 1620 730 1665; x_wconf 82' lang='lat' dir='ltr'>parvulam</span> <span class='ocrx_word' id='word_1_184' title='bbox 760 1622 837 1656; x_wconf 91' lang='lat' dir='ltr'>sibi</span> <span class='ocrx_word' id='word_1_185' title='bbox 863 1628 1022 1667; x_wconf 89' lang='lat' dir='ltr'>poneret</span> <span class='ocrx_word' id='word_1_186' title='bbox 1052 1623 1245 1657; x_wconf 87' lang='lat' dir='ltr'>mulctam.</span> <span class='ocrx_word' id='word_1_187' title='bbox 1301 1619 1526 1656; x_wconf 70' lang='lat' dir='ltr'>Adversarii</span> <span class='ocrx_word' id='word_1_188' title='bbox 1549 1632 1640 1656; x_wconf 87' lang='lat' dir='ltr'>vero</span> <span class='ocrx_word' id='word_1_189' title='bbox 1664 1622 1767 1666; x_wconf 84' lang='lat' dir='ltr'>capi-</span> 
     </span>
     <span class='ocr_line' id='line_1_22' title="bbox 256 1685 1770 1734; baseline 0.001 -13"><span class='ocrx_word' id='word_1_190' title='bbox 256 1689 306 1721; x_wconf 86' lang='lat' dir='ltr'>tis</span> <span class='ocrx_word' id='word_1_191' title='bbox 338 1688 530 1732; x_wconf 88' lang='lat' dir='ltr'>supplicio</span> <span class='ocrx_word' id='word_1_192' title='bbox 562 1686 721 1734; x_wconf 84' lang='lat' dir='ltr'>dignum</span> <span class='ocrx_word' id='word_1_193' title='bbox 754 1687 1020 1732; x_wconf 84' lang='lat' dir='ltr'>judicaverant</span> <span class='ocrx_word' id='word_1_194' title='bbox 1041 1699 1163 1723; x_wconf 89' lang='lat' dir='ltr'>reum.</span> <span class='ocrx_word' id='word_1_195' title='bbox 1220 1689 1346 1734; x_wconf 76' lang='lat' dir='ltr'>Quum</span> <span class='ocrx_word' id='word_1_196' title='bbox 1379 1688 1508 1732; x_wconf 88' lang='lat' dir='ltr'>itaque</span> <span class='ocrx_word' id='word_1_197' title='bbox 1536 1685 1680 1730; x_wconf 74' lang='grc' dir='ltr'><strong><em>τιμήσεις</em></strong></span> <span class='ocrx_word' id='word_1_198' title='bbox 1710 1689 1770 1723; x_wconf 81' lang='lat' dir='ltr'>rei</span> 
     </span>
     <span class='ocr_line' id='line_1_23' title="bbox 257 1754 1770 1799; baseline 0.002 -12"><span class='ocrx_word' id='word_1_199' title='bbox 257 1755 567 1798; x_wconf 85' lang='lat' dir='ltr'>accusatorisque</span> <span class='ocrx_word' id='word_1_200' title='bbox 599 1758 796 1799; x_wconf 84' lang='lat' dir='ltr'>tantopere</span> <span class='ocrx_word' id='word_1_201' title='bbox 827 1755 928 1789; x_wconf 85' lang='lat' dir='ltr'>inter</span> <span class='ocrx_word' id='word_1_202' title='bbox 956 1766 997 1789; x_wconf 87' lang='lat' dir='ltr'>se</span> <span class='ocrx_word' id='word_1_203' title='bbox 1027 1754 1233 1794; x_wconf 85' lang='lat' dir='ltr'>distarent,</span> <span class='ocrx_word' id='word_1_204' title='bbox 1274 1758 1565 1788; x_wconf 85' lang='lat' dir='ltr'>consentaneum</span> <span class='ocrx_word' id='word_1_205' title='bbox 1597 1766 1679 1790; x_wconf 83' lang='lat' dir='ltr'>esse</span> <span class='ocrx_word' id='word_1_206' title='bbox 1710 1756 1770 1797; x_wconf 75' lang='lat' dir='ltr'>vi,-</span> 
     </span>
     <span class='ocr_line' id='line_1_24' title="bbox 259 1804 1817 1873; baseline 0.002 -20"><span class='ocrx_word' id='word_1_207' title='bbox 259 1819 389 1859; x_wconf 83' lang='lat' dir='ltr'>detur,</span> <span class='ocrx_word' id='word_1_208' title='bbox 434 1804 622 1864; x_wconf 77' lang='lat' dir='ltr'>quendam</span> <span class='ocrx_word' id='word_1_209' title='bbox 654 1830 806 1859; x_wconf 79' lang='lat' dir='ltr'>eorum,</span> <span class='ocrx_word' id='word_1_210' title='bbox 860 1821 928 1866; x_wconf 85' lang='lat' dir='ltr'>qui</span> <span class='ocrx_word' id='word_1_211' title='bbox 962 1820 1159 1856; x_wconf 87' lang='lat' dir='ltr'>Socratem</span> <span class='ocrx_word' id='word_1_212' title='bbox 1197 1821 1385 1856; x_wconf 82' lang='lat' dir='ltr'>sententia</span> <span class='ocrx_word' id='word_1_213' title='bbox 1421 1817 1680 1867; x_wconf 65' lang='lat' dir='ltr'>absolverant,</span> <span class='ocrx_word' id='word_1_214' title='bbox 1726 1826 1771 1856; x_wconf 84' lang='lat' dir='ltr'>ut</span> <span class='ocrx_word' id='word_1_215' title='bbox 1812 1860 1817 1873; x_wconf 29' lang='grc' dir='ltr'><em>ὁ</em></span> 
     </span>
     <span class='ocr_line' id='line_1_25' title="bbox 250 1886 1768 1935; baseline 0.001 -15"><span class='ocrx_word' id='word_1_216' title='bbox 250 1887 396 1931; x_wconf 64' lang='lat' dir='ltr'>,capitis</span> <span class='ocrx_word' id='word_1_217' title='bbox 420 1887 655 1935; x_wconf 78' lang='lat' dir='ltr'>supplicium</span> <span class='ocrx_word' id='word_1_218' title='bbox 680 1891 894 1921; x_wconf 83' lang='lat' dir='ltr'>mutaretur</span> <span class='ocrx_word' id='word_1_219' title='bbox 917 1897 1005 1922; x_wconf 89' lang='lat' dir='ltr'>cum</span> <span class='ocrx_word' id='word_1_220' title='bbox 1028 1887 1148 1923; x_wconf 80' lang='lat' dir='ltr'>exilio</span> <span class='ocrx_word' id='word_1_221' title='bbox 1170 1887 1295 1923; x_wconf 77' lang='lat' dir='ltr'>aliave</span> <span class='ocrx_word' id='word_1_222' title='bbox 1318 1895 1458 1932; x_wconf 81' lang='lat' dir='ltr'>poena,</span> <span class='ocrx_word' id='word_1_223' title='bbox 1500 1887 1639 1922; x_wconf 82' lang='lat' dir='ltr'>ceteris</span> <span class='ocrx_word' id='word_1_224' title='bbox 1665 1886 1768 1931; x_wconf 79' lang='lat' dir='ltr'>judi-</span> 
     </span>
     <span class='ocr_line' id='line_1_26' title="bbox 258 1953 1768 2005; baseline 0 -19"><span class='ocrx_word' id='word_1_225' title='bbox 258 1953 367 1987; x_wconf 87' lang='lat' dir='ltr'>cibus</span> <span class='ocrx_word' id='word_1_226' title='bbox 392 1953 623 1998; x_wconf 85' lang='lat' dir='ltr'>persuadere</span> <span class='ocrx_word' id='word_1_227' title='bbox 646 1958 824 1989; x_wconf 85' lang='lat' dir='ltr'>conatum</span> <span class='ocrx_word' id='word_1_228' title='bbox 847 1963 946 1992; x_wconf 85' lang='lat' dir='ltr'>esse3</span> <span class='ocrx_word' id='word_1_229' title='bbox 978 1953 1118 1988; x_wconf 87' lang='lat' dir='ltr'>multos</span> <span class='ocrx_word' id='word_1_230' title='bbox 1142 1955 1404 2005; x_wconf 12' lang='lat' dir='ltr'>enimbfnissm</span> <span class='ocrx_word' id='word_1_231' title='bbox 1444 1954 1513 1998; x_wconf 84' lang='lat' dir='ltr'>qui</span> <span class='ocrx_word' id='word_1_232' title='bbox 1535 1963 1666 1987; x_wconf 83' lang='lat' dir='ltr'>veram</span> <span class='ocrx_word' id='word_1_233' title='bbox 1688 1953 1768 1987; x_wconf 84' lang='lat' dir='ltr'>viri</span> 
     </span>
     <span class='ocr_line' id='line_1_27' title="bbox 259 2018 1768 2068; baseline 0.001 -17"><span class='ocrx_word' id='word_1_234' title='bbox 259 2018 428 2054; x_wconf 84' lang='lat' dir='ltr'>indolem</span> <span class='ocrx_word' id='word_1_235' title='bbox 458 2022 740 2068; x_wconf 74' lang='lat' dir='ltr'>cognovissent,</span> <span class='ocrx_word' id='word_1_236' title='bbox 773 2022 841 2055; x_wconf 80' lang='lat' dir='ltr'>vix</span> <span class='ocrx_word' id='word_1_237' title='bbox 872 2025 947 2062; x_wconf 84' lang='lat' dir='ltr'>est,</span> <span class='ocrx_word' id='word_1_238' title='bbox 983 2019 1345 2065; x_wconf 63' lang='lat' dir='ltr'>quoddubitemus.</span> <span class='ocrx_word' id='word_1_239' title='bbox 1400 2019 1511 2065; x_wconf 76' lang='lat' dir='ltr'>Quod</span> <span class='ocrx_word' id='word_1_240' title='bbox 1535 2024 1661 2054; x_wconf 84' lang='lat' dir='ltr'>tamen</span> <span class='ocrx_word' id='word_1_241' title='bbox 1692 2028 1768 2053; x_wconf 85' lang='lat' dir='ltr'>uon</span> 
     </span>
     <span class='ocr_line' id='line_1_28' title="bbox 259 2083 1767 2138; baseline 0 -19"><span class='ocrx_word' id='word_1_242' title='bbox 259 2086 372 2121; x_wconf 84' lang='lat' dir='ltr'>modo</span> <span class='ocrx_word' id='word_1_243' title='bbox 396 2097 471 2120; x_wconf 89' lang='lat' dir='ltr'>non</span> <span class='ocrx_word' id='word_1_244' title='bbox 495 2089 638 2121; x_wconf 83' lang='lat' dir='ltr'>factum</span> <span class='ocrx_word' id='word_1_245' title='bbox 668 2099 750 2124; x_wconf 88' lang='lat' dir='ltr'>esse</span> <span class='ocrx_word' id='word_1_246' title='bbox 772 2086 968 2130; x_wconf 86' lang='lat' dir='ltr'>videmus,</span> <span class='ocrx_word' id='word_1_247' title='bbox 1001 2086 1068 2122; x_wconf 86' lang='lat' dir='ltr'>sed</span> <span class='ocrx_word' id='word_1_248' title='bbox 1093 2087 1236 2132; x_wconf 69' lang='lat' dir='ltr'>multos</span> <span class='ocrx_word' id='word_1_249' title='bbox 1260 2088 1395 2128; x_wconf 88' lang='lat' dir='ltr'>etiam,</span> <span class='ocrx_word' id='word_1_250' title='bbox 1426 2087 1494 2132; x_wconf 88' lang='lat' dir='ltr'>qui</span> <span class='ocrx_word' id='word_1_251' title='bbox 1524 2087 1560 2119; x_wconf 72' lang='grc' dir='ltr'>ὲν</span> <span class='ocrx_word' id='word_1_252' title='bbox 1587 2087 1630 2137; x_wconf 80' lang='grc' dir='ltr'>τῇ</span> <span class='ocrx_word' id='word_1_253' title='bbox 1651 2083 1767 2138; x_wconf 68' lang='grc' dir='ltr'><strong><em>πρώτῃ</em></strong></span> 
     </span>
     <span class='ocr_line' id='line_1_29' title="bbox 259 2138 1769 2199; baseline 0.001 -12"><span class='ocrx_word' id='word_1_254' title='bbox 259 2153 363 2199; x_wconf 71' lang='grc' dir='ltr'><em>ψήφῳ</em></span> <span class='ocrx_word' id='word_1_255' title='bbox 394 2154 642 2190; x_wconf 76' lang='lat' dir='ltr'>absolverant</span> <span class='ocrx_word' id='word_1_256' title='bbox 662 2154 878 2197; x_wconf 87' lang='lat' dir='ltr'>Socratem,</span> <span class='ocrx_word' id='word_1_257' title='bbox 923 2155 973 2190; x_wconf 82' lang='lat' dir='ltr'>in</span> <span class='ocrx_word' id='word_1_258' title='bbox 993 2138 1067 2191; x_wconf 70' lang='lat' dir='ltr'>&#39;hac</span> <span class='ocrx_word' id='word_1_259' title='bbox 1095 2154 1218 2189; x_wconf 80' lang='lat' dir='ltr'>alters.</span> <span class='ocrx_word' id='word_1_260' title='bbox 1246 2154 1287 2189; x_wconf 87' lang='lat' dir='ltr'>in</span> <span class='ocrx_word' id='word_1_261' title='bbox 1310 2153 1621 2189; x_wconf 82' lang='lat' dir='ltr'>adversariorum</span> <span class='ocrx_word' id='word_1_262' title='bbox 1642 2157 1769 2198; x_wconf 78' lang='lat' dir='ltr'>partes</span> 
     </span>
    </p>
   </div>
  </div>
 </body>
</html>
