1924 2531
912 221 974 267 11
1614 230 1661 244 ⁸

193 382 369 424 amisse.
425 378 676 427 Philosophus
705 380 836 427 itaque
863 381 982 417 fuisse
1011 379 1232 416 metuendos
1260 380 1303 415 in
1332 387 1449 417 cansa
1479 385 1581 424 erat,
1625 391 1695 420 cnr

193 461 342 492 omnes,
376 440 450 495 'qui
482 458 563 483 rem
594 447 790 493 publicam
819 452 1076 495 capesserant,
1113 448 1209 493 ipsis
1238 453 1362 483 essent
1383 449 1548 483 inimici.
1606 450 1696 485 Huc

194 513 361 557 accedit,
393 511 494 559 quod
516 505 736 558 sophistae,
769 513 915 558 quique
935 523 1034 548 novo
1056 511 1219 559 quodam
1242 512 1354 547 modo
1376 513 1577 548 erudirent
1597 514 1698 558 juve-

194 590 283 624 nes,
317 579 438 614 multo
461 584 500 616 et
522 579 687 615 celerius
710 583 748 615 et
769 580 913 615 rectius
936 578 1072 615 docere
1096 577 1383 621 contenderent,
1411 590 1508 624 quae
1535 579 1584 614 ad
1607 591 1696 616 con-

195 643 426 680 cionandum
444 630 489 678 et
510 643 808 689 rempublicam
831 643 1035 692 regendam
1058 654 1152 690 opus
1178 648 1314 678 essent.
1359 644 1423 677 Illi
1445 649 1593 688 autem,
1627 649 1695 692 qui

196 708 289 748 huic
311 711 371 749 rei
394 715 505 746 antea
527 709 771 752 studuerant,
795 722 868 745 usu
886 715 924 747 et
940 710 1123 745 diuturna
1139 710 1411 745 exercitatione
1430 716 1540 745 erant
1560 711 1697 748 edocti.

169 787 172 790 ·
193 774 269 810 His
291 775 405 810 rebus
427 776 604 824 omnibus
627 773 917 817 acerbissimum
940 769 1144 819 conflatum
1166 779 1223 809 est
1237 773 1369 809 odium
1388 775 1430 808 in
1449 776 1696 824 philosophos

194 845 233 875 et
254 841 465 887 sophistas,
487 853 652 890 quornm
673 854 831 879 numero
849 854 937 878 cum
956 842 1228 891 adjungeretur
1242 840 1418 877 Socrates
1441 847 1595 879 externa
1614 856 1698 890 spe.

195 908 275 950 cie,
314 908 471 944 eandem
499 920 587 944 cum
617 910 698 944 illis
728 920 929 954 perpessus
957 914 1015 943 est
1044 913 1196 943 sortem.
1250 906 1369 957 Haud
1401 909 1562 955 exiguus
1594 913 1696 946 enim

192 963 360 1010 illorum¹
379 980 436 1011 est
463 987 662 1016 numerus,
698 986 793 1022 quos
824 973 977 1021 ἀσεβείας
1004 979 1199 1010 accusatos
1233 985 1333 1016 esse,
1371 975 1579 1011 memoriae
1608 988 1696 1023 pro.

194 1040 318 1077 ditum
340 1046 413 1076 est:
456 1044 722 1087 Anaxagoras,
745 1044 837 1086 quia
860 1043 978 1077 solem
1000 1041 1167 1087 lapidem
1191 1042 1346 1088 igneum
1369 1051 1450 1074 esse
1474 1043 1696 1085 conjecerat,

193 1105 419 1155 Protagoras
442 1106 489 1142 ob
511 1107 607 1143 libri
629 1108 692 1143 sni
715 1108 874 1142 initium
896 1106 943 1143 de
966 1106 1043 1142 diis
1066 1107 1214 1147 nescio,
1246 1110 1379 1141 utrum
1402 1106 1497 1147 sint,
1537 1118 1607 1143 nee
1629 1120 1696 1145 ne:

195 1172 339 1219 Stilpo,
382 1174 450 1219 qui
477 1185 547 1220 per
574 1175 703 1218 jocum
730 1175 918 1210 Athenam
949 1174 1063 1210 deum
1091 1178 1168 1208 non
1198 1184 1280 1209 esse
1311 1172 1378 1209 sed
1401 1172 1512 1209 deam
1534 1175 1696 1219 dixerat,

193 1237 416 1274 Aristoteles
439 1239 486 1274 ob
504 1238 695 1281 ,Paeanem
717 1237 1008 1282 in'Hermeam,
1031 1240 1241 1288 Diagoras,
1265 1238 1571 1284 Theophrastus,
1595 1241 1696 1277 The-

171 1304 337 1348 ,odorus
360 1305 523 1348 Atheus,
562 1307 645 1341 alii.
703 1307 903 1352 Euripidi,
946 1308 1014 1352 qui
1044 1306 1358 1351 philosophorum
1388 1306 1529 1349 placita
1551 1313 1698 1355 tragoe-

196 1368 273 1416 diis
298 1370 479 1418 intexuit,
531 1370 633 1407 idem
662 1373 887 1408 imminebat
908 1372 1123 1418 periculum
1159 1372 1206 1406 ob
1227 1381 1381 1407 versum
1404 1373 1609 1418 praecipue
1630 1375 1698 1409 ali-

196 1447 328 1483 quem:
348 1435 370 1479 ἡ
391 1435 511 1479 yma&
532 1435 677 1480 ὀμώμοκ’
699 1436 722 1481 ἦ
743 1440 781 1473 δὲ
802 1443 890 1483 φρήν
911 1434 1089 1480 α’νῶμοτος.
1126 1439 1278 1473 Horum
1300 1443 1426 1473 tamen
1449 1438 1597 1473 nullum
1620 1442 1699 1476 sere

196 1504 334 1549 capitis
361 1503 594 1550 supplicium
619 1515 774 1551 passum
803 1515 884 1540 esse
911 1505 1138 1552 accepimus.
1184 1503 1294 1550 Quod
1326 1515 1398 1541 cur
1419 1503 1569 1540 Socrati
1597 1508 1698 1542 acci-

196 1568 316 1612 derit,
349 1580 395 1603 ex
418 1571 656 1606 accuratiore
680 1572 761 1615 ejus
784 1582 920 1607 causae
943 1572 1161 1618 cognitione
1184 1571 1394 1616 apparebit.

288 1701 385 1738 Ante
407 1702 672 1738 Heliastarum
692 1703 882 1747 judicium
905 1704 1072 1743 Socratis
1097 1715 1211 1739 causa
1239 1709 1323 1749 acta
1353 1709 1427 1747 est,
1468 1716 1696 1752 quamquam

195 1767 422 1815 Protagoras
451 1768 498 1802 ab
532 1768 729 1818 Areopago
759 1769 991 1814 dijudipatus
1020 1775 1077 1809 est
1106 1781 1151 1806 eo
1186 1775 1376 1816 tempore,
1427 1781 1501 1816 quo
1534 1776 1699 1817 potestas

195 1835 310 1878 hujus
333 1835 577 1881 magistratus
602 1836 649 1871 ab
671 1836 846 1881 Ephialte
867 1836 977 1874 valde
1001 1829 1083 1873 era't
1104 1837 1310 1872 deminuta.
1349 1837 1574 1884 Protagoras
1596 1842 1700 1875 enim

196 1910 298 1935 anno
319 1902 387 1936 411
409 1901 471 1936 vel
492 1903 561 1937 412
582 1912 617 1937 a·
641 1902 709 1938 eh.
742 1902 913 1949 (Olymp.
936 1905 993 1940 92.
1017 1905 1052 1939 1.
1075 1903 1137 1938 vel
1157 1904 1218 1947 2.)
1278 1902 1437 1939 Athenis
1469 1905 1601 1949 pulsus
1630 1912 1699 1942 est.

198 1966 299 2002 Tum
316 1968 497 2013 temporis
514 1955 641 2004 autem
656 1969 876 2015 Areopagus
892 1971 1060 2015 priorem
1078 1969 1245 2006 nondum
1263 1976 1556 2015 recuperaverat
1571 1977 1701 2008 aucto·

196 2034 368 2068 ritatem:
411 2039 544 2069 contra
576 2046 694 2080 quum
726 2035 901 2072 Socrates
931 2041 987 2071 est
1009 2041 1225 2079 accusatus,
1267 2041 1352 2081 post
1379 2037 1541 2083 triginta
1569 2043 1700 2083 tyran·

196 2109 265 2134 nos
302 2099 478 2145 expulsos
509 2102 675 2136 maxima
707 2112 795 2147 pars
827 2113 977 2142 rerum,
1005 2113 1118 2148 -qnae
1152 2106 1262 2137 antea
1291 2104 1375 2139 foro
1407 2103 1488 2146 ejus
1507 2102 1701 2140 vaddictae

197 2170 327 2207 erant,
360 2163 410 2201 ad
432 2166 559 2212 ipsum
582 2168 722 2204 iterum
743 2168 969 2214 pertinebat.
1027 2168 1132 2216 Quae
1155 2168 1414 2215 discrepantia
1434 2170 1521 2204 tolli
1543 2182 1619 2207 non
1641 2172 1701 2207 vi·

1449 2216 1479 2256 2
