1924 2531
957 221 991 265 4

209 379 358 414 solvere
391 378 592 413 damnatus
627 378 721 419 fuit,
763 387 860 423 quae
889 384 1015 431 totam*
1038 371 1119 424 ejus
1147 378 1349 428 excederet
1371 391 1452 416 rem
1474 379 1729 429 familiarem?

209 446 490 482 Themistocles
515 440 669 486 autem‚'
710 446 775 479 cui
798 450 875 480 tota
901 447 1065 482 Graecia
1088 436 1250 483 salutem
1274 446 1452 492 debebat,
1496 458 1612 493 quum
1636 457 1730 493 pug-

206 522 278 547 nae
313 512 463 546 navalis
493 509 596 556 apud
626 510 823 546 Salamina
856 517 894 547 et
923 517 1060 547 auctor
1092 513 1228 548 fuisset
1259 517 1298 548 et
1331 518 1509 550 versutus
1543 511 1730 561 guberna·
1788 524 1795 527 ’

204 583 286 621 tor,
330 578 546 613 innumeris
581 588 605 611 a
636 577 954 614 Lacedaemoniis
989 579 1197 625 praecipue
1231 581 1373 625 petitus
1414 584 1471 615 est
1511 580 1728 621 calumniis,

208 654 327 689 quum
362 645 529 689 patriam
557 643 693 677 urbem
722 645 937 679 munitione
973 649 1095 679 tutam
1124 650 1322 689 praestare
1352 646 1469 687 vellet
1491 646 1537 679 ab
1561 645 1730 679 hostium

208 710 511 745 incursionibus.
557 708 718 745 Athenis
749 707 914 755 denique
937 709 1071 756 pulsus
1095 710 1141 745 ab
1167 708 1341 745 hostibus
1365 709 1529 758 benigne
1550 715 1729 756 exceptus

207 775 346 819 procul
382 786 405 808 a
437 777 566 820 patria
596 774 702 809 diem
730 775 829 809 obiit
858 763 1107 821 supremumr
1163 776 1354 811 Aristides
1395 782 1434 812 et
1463 777 1619 819 Cimon,
1662 778 1730 821 qui

208 839 503 875 Atheniensium
528 841 724 875 civitatem
748 840 880 874 multis
904 842 1109 876 affecerant
1130 841 1344 884 beneficiis,
1383 842 1598 886 praemium
1623 850 1729 875 acce·

209 911 350 950 perunt
380 908 563 948 exilium,
609 917 840 952 quamquam
869 912 998 951 postea
1032 909 1073 941 in
1104 909 1268 952 patriam
1292 908 1462 941 restituti
1485 912 1585 941 sunt.
1633 907 1728 952 Quis

212 976 341 1006 autem
372 982 448 1006 non
473 971 716 1020 indignetur,
758 970 1012 1015 Phocionem,
1049 973 1341 1019 integerrimum
1365 972 1476 1006 illum
1506 978 1543 1007 et
1564 971 1730 1017 pruden-

209 1037 405 1071 tissimum
435 1034 675 1083 temporibus
704 1037 938 1072 turbulentis
961 1039 1021 1073 rei
1051 1038 1228 1084 publicae
1257 1038 1573 1082 gubernatorem,
1614 1032 1730 1072 morti

213 1101 345 1137 datum
369 1113 451 1138 esse
475 1101 626 1138 invidia
648 1102 772 1148 plebis
803 1108 842 1139 et
864 1103 1081 1138 iracundia.
1135 1103 1226 1148 Ejus
1258 1100 1616 1152 generis'exemplis
1640 1099 1730 1138 addi

211 1174 371 1213 possunt
393 1170 514 1203 multa
537 1181 583 1204 ex
606 1169 783 1203 historiis
813 1171 1071 1205 recentiorum
1102 1174 1317 1214 temporum
1350 1169 1568 1215 desumpta,
1608 1170 1730 1203 veluti

211 1233 484 1280 christophori
507 1234 707 1276 Columbi‚
742 1236 830 1280 qui,
860 1240 1060 1281 postquam
1083 1236 1167 1282 regi
1191 1245 1261 1269 suo
1284 1240 1322 1270 et
1345 1234 1500 1270 domino
1516 1236 1632 1270 >novis
1655 1240 1732 1270 ter·

211 1302 268 1335 ris
298 1299 458 1335 detectis
497 1301 714 1347 ingentium
748 1301 999 1344 divitiarum,
1046 1301 1210 1347 quarum
1245 1301 1414 1336 maxime
1441 1301 1604 1346 cupidus
1636 1306 1730 1343 erat,

211 1368 366 1412 aperuit
392 1368 556 1409 fontem,
590 1368 735 1402 catenis
759 1372 917 1402 ornatus
940 1368 982 1402 in
1005 1367 1238 1413 Hispaniam
1262 1352 1319 1403 est
1341 1364 1538 1403 deductus.
1583 1367 1731 1413 Quibus

211 1433 400 1467 liberatus
424 1443 620 1478 nunquam
641 1437 772 1468 tamen'
794 1433 967 1469 obtinere
990 1434 1117 1479 potuit
1138 1434 1329 1479 praemia,
1364 1443 1461 1479 quae
1483 1422 1579 1478 ipsi,
1613 1438 1733 1479 ‘quum

212 1509 331 1533 novas
366 1498 592 1534 inveniendi
629 1498 754 1534 terras
794 1500 1006 1546 susciperet
1044 1499 1238 1542 laborem,
1285 1503 1395 1535 erant
1426 1498 1627 1545 promissa.
1682 1498 1733 1533 At

213 1575 289 1600 non
320 1564 446 1599 solum
478 1564 595 1601 duces
611 1566 955 1612 imperatoresque
985 1571 1091 1601 tanta
1118 1565 1269 1601 invidia
1299 1568 1420 1600 fatum
1442 1576 1526 1601 esse
1555 1572 1733 1611 persecu-⁴

211 1636 294 1665 tum
327 1632 604 1675 comperimus,
647 1631 715 1666 sed
749 1633 886 1673 etiam,
928 1633 997 1676 qui
1031 1643 1163 1666 rerum
1186 1620 1398 1679 cognitioni
1420 1631 1650 1666 studuerunt
1670 1632 1733 1667 v'el

213 1697 312 1730 alios
330 1699 374 1731 'et
393 1697 577 1732 'meliores
609 1702 647 1733 et
670 1697 861 1732 doctiores
885 1695 1046 1733 reddere
1068 1697 1283 1736 tentabant,
1322 1696 1542 1743 philosophi
1573 1697 1733 1743 populo·

213 1774 376 1808 rumque
400 1765 599 1809 magistri,
641 1765 790 1799 nefaria
813 1764 1039 1811 abrogantes
1062 1774 1317 1808 perversaque
1341 1763 1538 1806 instituta,
1572 1774 1670 1809 quae
1690 1765 1732 1799 in

213 1829 409 1865 dei'cultu
445 1833 489 1863 nt
522 1835 653 1864 sancta
683 1830 868 1865 haberent
896 1820 1137 1864 sacerdotum
1161 1829 1426 1874 improborum
1448 1833 1487 1864 et
1509 1828 1732 1864 dominandi

214 1895 407 1943 cupiditas
438 1900 477 1931 et
506 1898 673 1932 avaritia
703 1897 896 1943 persuasit
928 1896 1099 1942 populis,
1148 1896 1383 1931 cruciatibus
1415 1896 1575 1931 summis
1604 1896 1731 1932 affecti

213 1963 378 2009 periere.
424 1962 533 1996 Alios
554 1974 669 2007 vero,
694 1965 762 2009 qui
785 1963 832 1998 de
856 1963 981 1999 literis
1005 1963 1100 1998 bene
1125 1951 1387 2004 merueruntJ
1407 1961 1607 1996 hominum
1631 1963 1739 1997 invi·->

213 2030 278 2066 dia
301 2030 510 2077 odiumque
534 2041 579 2066 eo
603 2041 724 2076 usque
746 2035 947 2075 persecuta
969 2032 1077 2073 sunt,
1121 2033 1165 2064 ut
1187 2029 1358 2064 omnium
1389 2039 1520 2065 rernm
1547 2028 1642 2064 torti
1666 2039 1731 2075 pe-

214 2100 329 2132 nuria
348 2099 473 2144 ignoti
504 2095 670 2142 denique
693 2101 946 2132 morerentur.
993 2095 1080 2130 Jam
1110 2097 1197 2142 quis
1231 2107 1306 2131 non
1330 2097 1459 2144 lugeat
1481 2086 1733 2141 optimu-um

214 2163 262 2200 de
286 2174 328 2198 re
350 2163 525 2209 publica,
563 2162 611 2198 de
640 2163 790 2206 literis,
818 2161 874 2198 ·de
904 2163 1056 2198 sincero
1078 2161 1332 2208 veroquedei
1357 2162 1464 2198 cultu
1486 2162 1629 2207 optime
1653 2170 1731 2196 me-
