1924 2531
959 211 998 261 Β

222 375 423 419 paululum
447 374 602 420 quidem
625 373 838 416 retardari,
874 373 980 408 nullo
1003 373 1116 410 modo
1138 374 1252 420 plane
1274 374 1458 422 impediri
1478 376 1616 421 potuit.
1662 366 1736 410 Ita-

221 454 295 488 que
316 441 498 488 Aeschyli
532 446 691 476 conatus
725 452 943 476 successum
977 440 1119 476 habere
1146 443 1307 477 *omnino
1335 452 1411 477 non
1443 447 1604 488 poterat.
1659 440 1737 478 Sed

218 509 279 542 vis
304 508 454 556 magnis
481 507 704 542 hominibus
738 507 911 554 ingenita
940 507 1007 541 vix
1039 517 1208 553 unquam
1231 508 1287 543 ita
1310 508 1648 554 coerceri·potuit‚
1665 534 1674 543 ,
1693 512 1737 542 ut

219 582 435 621 temporum
467 575 742 621 hominumque
772 574 961 610 rationem
985 573 1047 609 illi
1070 573 1275 617 habereut,
1317 579 1385 611 aut
1406 573 1505 610 bona
1527 575 1630 611 fluxa
1658 576 1736 611 fra-

220 642 392 690 giliaque
424 641 582 684 majoris
612 640 845 687 penderent,
888 650 1003 686 quam
1034 640 1137 686 quod
1166 642 1297 675 animo
1326 651 1397 676 suo
1419 650 1555 677 verum
1576 651 1736 688 cognos-

217 713 321 750 sent,
363 695 540 753 quodque
575 707 704 759 rebus·
721 707 899 743 omnibus
933 707 1176 754 postpositis,
1217 711 1304 743 ante
1336 700 1466 743 oculos
1491 716 1634 754 ponere
1655 711 1735 743 stu·

216 773 351 808 det-ent
373 774 510 808 mortis
533 772 629 809 adeo
651 774 838 819 periculo.
890 815 893 818 y
1681 759 1684 762 ,

308 909 363 941 Ex
388 909 458 949 iis,
494 917 592 952 quae
615 907 813 954 hucusque
836 908 883 944 de
906 908 979 943 hac
1002 920 1045 943 re
1070 909 1370 954 disputavimus,
1414 909 1602 954 explicari
1624 919 1734 955 posse

213 973 388 1015 videtur,
420 984 492 1008 cur
513 973 662 1008 excelsa
687 976 918 1022 egregiaque
941 970 1078 1009 in'hac
1100 976 1182 1010 vita
1205 975 1334 1021 perire
1356 974 1525 1010 soleant.-
1565 974 1734 1020 Apparet

212 1040 364 1083 itaque,
416 1039 606 1075 historiae
639 1041 765 1075 inesse
799 1042 881 1075 vim
913 1041 1103 1087 quandam
1138 1041 1343 1089 tragicam,
1381 1048 1479 1087 quae
1513 1039 1646 1075 eadem
1676 1044 1735 1074 est

211 1116 299 1140 oum
329 1108 370 1140 vi
398 1105 687 1154 tragoediarum
719 1108 952 1153 optimarum
984 1112 1022 1143 et
1036 1117 1274 1155 vgraecarum
1298 1111 1337 1142 et
1357 1106 1581 1142 recentium.
1634 1104 1732 1141 Con·

209 1174 358 1208 tiuetur
381 1178 509 1208 autem
532 1172 628 1209 haec
650 1175 710 1208 vis
733 1175 882 1221 tragica
905 1186 971 1218 eo,
1013 1174 1115 1221 quod
1138 1174 1316 1209 divinum
1337 1172 1437 1207 illud
1460 1178 1732 1219 aeternumque

212 1241 363 1274 homini
387 1241 582 1283 innatum,
621 1239 690 1274 ubi
714 1240 753 1273 in
779 1244 1023 1286 conspectum
1045 1241 1179 1275 venire
1202 1244 1241 1275 et
1262 1250 1419 1275 re-vera
1441 1240 1625 1274 exsistere
1647 1249 1732 1274 coe-

210 1309 289 1351 pit,
324 1305 503 1351 perditur
533 1307 661 1342 statim
685 1306 799 1350 hujus
824 1306 958 1341 mundi
990 1306 1229 1348 rationibus,
1271 1306 1383 1351 plane
1416 1305 1479 1340 illi
1511 1306 1731 1348 contrariis,

210 1383 286 1417 quo
318 1377 446 1407 tamen
478 1373 563 1417 ipso
593 1377 790 1407 aeternum
822 1372 1009 1418 probatur
1040 1377 1079 1407 et
1113 1358 1223 1407 cum*
1242 1370 1314 1407 deo
1352 1372 1437 1416 ipso
1472 1372 1729 1415 coniunctum.

210 1438 385 1473 Naturae
409 1439 492 1482 eius
515 1438 717 1483 proprium
741 1443 813 1480 est,
853 1439 956 1474 inter
986 1439 1161 1474 homines
1184 1447 1428 1479 evanescere,
1453 1447 1551 1488 «cum
1575 1437 1617 1471 iu
1640 1437 1730 1471 aliis

210 1504 435 1550 regionibus
459 1504 543 1547 ejus
567 1490 619 1539 sit
641 1503 748 1539 sedes
773 1488 1101 1552 domiciliumque.
1164 1503 1430 1540 Veramhanc
1463 1503 1563 1538 mihi
1595 1502 1729 1549 depre-

208 1571 389 1606 hendisse
411 1570 549 1606 videor
570 1572 641 1606 fati
665 1571 877 1611 notionem,
914 1577 1021 1607 arcte
1043 1572 1236 1616 conjuncti
1259 1581 1348 1606 cum
1370 1569 1570 1606 hominum
1592 1574 1730 1605 natura

210 1637 437 1682 indoleqne;
483 1638 703 1684 quicunque
734 1639 838 1672 enim
870 1642 908 1672 et
936 1640 1079 1674 veteris
1106 1643 1145 1673 et
1167 1638 1395 1673 recentioris
1423 1637 1645 1684 tragoediae
1667 1646 1729 1672 ac-

207 1705 382 1738 curatius
419 1705 642 1753 cognoverit
675 1704 1008 1749 praestantissima
1040 1715 1178 1750 opera,
1227 1715 1288 1740 res
1320 1704 1507 1738 humanas
1541 1703 1596 1738 ita
1628 1712 1730 1737 com·

207 1776 360 1814 paratas
396 1781 478 1806 esse
512 1771 627 1805 facile
655 1771 865 1816 intelliget,
903 1776 947 1806 ut
977 1772 1137 1805 summis
1168 1770 1583 1816 praestantissimisque
1616 1770 1728 1812 viris,

209 1835 278 1880 qui
307 1835 437 1870 animo
461 1834 638 1871 divinum
660 1835 760 1871 illud
783 1828 1050 1882 excelsumque
1074 1836 1240 1882 amplexi
1269 1836 1322 1869 in*
1340 1835 1540 1870 hominum
1571 1845 1728 1881 conspe-

209 1907 313 1935 ctum
337 1902 490 1938 student
511 1902 741 1949 producere,
785 1905 900 1939 exitii
931 1905 1080 1939 semina
1096 1898 1234 1938 'innata
1267 1904 1363 1944 sint,
1389 1895 1482 1949 'quo
1503 1902 1728 1950 plerumque

205 1968 501 2013 pessumdantur
534 1970 596 2005 vel
627 1971 801 2016 ipsorum
832 1971 946 2018 culpa
972 1971 1035 2007 vel
1069 1971 1160 2005 aliis
1191 1971 1319 2005 causis
1354 1970 1396 2005 in
1428 1980 1559 2005 rerum
1588 1973 1728 2005 natura

205 2037 360 2079 positis,
386 2047 549 2082 quarum
573 2048 690 2089 supra
713 2038 898 2073 nonnulla
921 2039 1127 2074 retulimus
1151 2037 1335 2083 exempla·

296 2168 408 2213 Quod
440 2170 564 2216 igitur
592 2170 797 2207 historiam
827 2174 1048 2209 accuratius
1078 2173 1397 2219 contemplantem
1421 2166 1727 2221 animadvertere
1788 2173 1790 2175 ’
