1924 2531
962 210 1026 259 10

240 375 415 411 homines
449 379 559 411 crant
589 375 771 418 πολιτικοὶ,
797 373 886 420 'qui
908 369 1107 409 soci-atem
1130 370 1330 420 persecuti
1354 363 1469 418 fiunt,
1509 368 1602 422 qnia
1624 384 1646 409 a
1669 373 1756 422 phi-

238 442 410 487 losophis
433 443 590 477 omnino
624 443 666 477 in
702 454 745 477 re
773 441 928 487 publica
960 439 1266 475 administranda
1288 451 1330 476 se
1352 440 1537 486 impediri
1559 441 1754 487 putabant.

241 500 294 542 Ut
322 508 426 542 enim
459 517 481 540 a
508 507 750 552 philosophis
780 505 913 552 utique
951 509 1122 542 metuere
1154 506 1327 553 possent,
1372 507 1442 552 qui
1482 507 1630 542 rerum'
1648 511 1757 542 erant

240 574 374 620 potiti,
420 572 713 608 Atheniensium
746 575 805 609 rei
842 574 1020 619 publicae
1050 574 1177 608 effecit
1213 571 1405 616 conditio,
1451 575 1557 618 quae
1584 575 1640 608 ita
1673 579 1757 609 erat

241 643 480 683 comparata,
516 643 561 672 ut
581 649 658 673 non
689 639 735 673 ad
769 643 891 673 certas
917 637 1100 683 quasdam
1123 638 1293 672 rationes
1315 637 1458 687 ubique
1481 638 1558 672 sihi
1581 634 1756 672 constan·

239 709 300 739 ter
330 709 430 740 esset
462 705 661 748 instituta,
699 703 766 740 sed
795 705 945 752 legibus
980 708 1174 746 uteretur,
1215 695 1312 749 Quae
1345 705 1487 749 partim
1516 703 1579 740 vel
1608 716 1630 740 e
1651 705 1756 739 vitae

241 780 315 804 usu
337 770 400 803 vel
423 781 445 804 e
469 759 642 804 moribus
674 767 1097 815 majorum'originem'
1116 767 1329 820 traherent,
1373 771 1515 815 partim
1547 768 1597 804 ad
1625 762 1758 817 singu-

239 837 367 871 lorum
391 835 599 871 arbitrium
629 841 755 872 essent
776 839 909 872 factae.
964 836 1009 871 In
1039 833 1228 880 eju'smodi
1259 835 1387 873 autem
1420 848 1463 873 re
1491 836 1648 883 publica
1679 845 1756 870 non

241 905 372 937 omnia
403 902 452 936 ad
481 908 624 937 certam
659 904 799 938 referri
833 912 944 947 posse
974 903 1185 946 rationem,
1236 902 1339 950 quod
1373 899 1639 948 philosophiae
1666 908 1756 946 pro-

239 971 369 1016 prium
396 973 469 1009 est,
503 971 763 1006 necessarium
787 969 899 1015 plane
920 967 1088 1004 videtur.
1135 969 1222 1005 Jam
1245 969 1358 1005 facile
1380 966 1467 1005 fieri
1489 972 1657 1015 poterat,
1685 964 1756 1010 ‘ut‚

240 1047 344 1081 quae
368 1035 430 1069 vel
461 1046 484 1068 a
510 1038 720 1079 maioribus
754 1034 905 1081 pridem
937 1036 1131 1077 instituta,
1176 1035 1240 1069 vel
1273 1046 1297 1068 a
1324 1033 1465 1080 populo
1497 1031 1625 1080 nuper
1653 1035 1757 1077 jussa

240 1105 372 1137 sancta
404 1094 657 1145 haberentur,
700 1102 735 1135 si
767 1110 790 1135 a
812 1099 1052 1146 philosophis
1084 1101 1413 1143 examinarentur,
1461 1098 1636 1147 improba
1667 1106 1757 1146 per·

238 1179 425 1212 versaque
448 1168 768 1214 intelligerentur.
817 1166 927 1213 Quod
950 1167 1094 1200 malum
1125 1169 1159 1201 si
1176 1168 1300 1201 *latius
1323 1172 1516 1209 manaret,
1553 1172 1674 1200 totum
1697 1168 1757 1201 rei

238 1234 418 1279 publicae
441 1234 776 1268 statuwevertere
798 1243 909 1278 posse
930 1231 1146 1266 videbatur.
1192 1232 1294 1267 Nam
1317 1232 1490 1277 quamvis
1510 1231 1757 1274 Xenocrates,

241 1299 490 1347 philosophos
522 1304 654 1344 sponte
688 1301 815 1334 facere
843 1298 1104 1344 praedicaret,
1150 1310 1247 1344 quae
1282 1300 1426 1345 reliqui
1456 1300 1606 1347 legibus
1635 1301 1757 1333 coacti

240 1370 429 1408 facerent,
457 1365 553 1399 bene
575 1369 701 1400 tamen
726 1365 921 1413 cognitum
944 1364 1165 1407 habebant,
1191 1365 1259 1410 qui
1282 1374 1449 1400 summos
1471 1364 1630 1400 Athenis
1653 1365 1757 1400 locos

241 1434 443 1474 tenebant,
482 1432 518 1465 si
540 1429 634 1475 quid
657 1436 789 1472 contra
811 1433 955 1475 justum
976 1431 1193 1476 bonumque
1224 1432 1421 1475 juberent,
1466 1429 1554 1465 illos
1587 1431 1758 1466 etfacile

241 1501 315 1535 hoc
348 1498 636 1539 intellecturos,
678 1507 748 1532 nec
779 1507 926 1533 morem
959 1502 1132 1545 gesturos
1161 1508 1254 1533 esse.
1308 1496 1600 1533 Atheniensium
1631 1503 1758 1533 autem

241 1567 302 1600 rei
331 1565 510 1610 publicae
541 1568 661 1596 status
694 1568 786 1597 tunc
822 1564 1016 1609 temporis·
1040 1563 1227 1606 ejusmodi
1259 1565 1363 1607 erat,
1419 1568 1464 1598 ut
1502 1574 1547 1598 ea
1585 1562 1759 1609 quotidie

241 1634 323 1667 fere
354 1630 506 1671 fierent,
558 1640 655 1674 quae
688 1629 923 1675 philosophis
946 1630 1012 1664 vix
1035 1629 1229 1676 probanda
1251 1629 1488 1665 viderentur.
1541 1631 1648 1676 Quae
1670 1641 1757 1665 cum

245 1700 301 1731 ita
325 1698 420 1738 sint,
445 1695 493 1730 de
517 1695 692 1738 diverso,
717 1696 829 1741 quem
852 1696 1125 1741 Aristophanes
1149 1697 1189 1729 in
1213 1696 1375 1730 nubium
1398 1696 1526 1737 fabula
1535 1710 1554 1738 ‚⁷
1570 1707 1757 1742 quemque

241 1763 414 1799 Socratis
439 1764 678 1796 accusatores
702 1763 896 1807 persecuti
918 1762 1015 1805 sint,
1048 1762 1122 1797 fine
1145 1762 1211 1798 vix
1234 1766 1358 1808 potest
1387 1761 1571 1797 dubitari.
1630 1756 1759 1809 'Appa-

241 1834 303 1865 ret
325 1827 414 1863 inde
437 1827 682 1862 historiolam
706 1828 836 1871 illam,
875 1839 972 1874 quae
999 1829 1082 1873 iam
1104 1834 1319 1875 temporum
1341 1829 1624 1874 computatione
1646 1830 1759 1864 refel-

242 1896 361 1936 litur,
398 1899 622 1939 corruptum
647 1905 729 1930 esse
752 1891 1047 1941 Aristophanem
1072 1905 1094 1929 a
1116 1893 1288 1930 Socratis
1312 1895 1618 1939 accusatoribus,
1656 1894 1757 1930 nihil

242 1962 328 1996 veri
353 1962 568 2003 continere,
608 1963 996 2010 quamquamnegari
1018 1972 1094 1996 non
1117 1967 1257 2008 potest,
1286 1961 1373 1996 illos
1395 1961 1663 2007 Aristophanis
1686 1971 1759 1996 nn-

241 2029 355 2062 bibus
382 2029 423 2061 in
447 2027 695 2073 adipiscendo
718 2028 792 2063 fine
827 2029 946 2064 fuisse
976 2028 1143 2072 adjutos,
1181 2025 1298 2063 'unde
1331 2029 1492 2063 fortasse
1526 2028 1655 2062 fabula
1685 2022 1758 2062 ‘illa

244 2100 301 2129 est
325 2095 499 2128 conflata.
557 2093 726 2129 Tantum
754 2105 847 2130 vero
871 2096 1010 2135 abfuit,
1053 2100 1097 2129 ut
1120 2106 1207 2129 cum
1229 2095 1353 2140 Anyto
1376 2088 1589 2140 mentoque
1612 2091 1759 2128 >facet-et

241 2158 538 2205 Aristophanes,
583 2166 628 2196 nt
660 2161 707 2198 de
739 2173 782 2198 re
815 2162 972 2208 publica
1004 2162 1117 2208 plane
1146 2162 1251 2198 idem
1283 2172 1371 2197 cum
1393 2150 1551 2198 Socrate
1578 2159 1759 2196 videatur
