1924 2531
905 218 956 266 *9-

153 386 323 414 ,ποθοῦσα
334 388 417 414 esse
440 377 487 412 in·
504 377 620 412 initio
643 377 743 419 dix—i,
779 377 952 422 quamvis
983 376 1129 412 nemini
1161 376 1346 420 explicari
1367 386 1454 410 non
1483 388 1592 420 posse
1621 379 1680 411 vi-

171 444 330 481 deutur:
368 442 473 478 haud
504 444 643 480 inutile
674 447 802 479 tamen
828 442 1008 486 videtur,
1044 443 1086 477 in
1116 452 1248 477 causas
1277 443 1520 489 rationesque
1551 443 1679 489 inqui-

170 520 275 552 rere,
309 505 448 555 quibus
472 511 647 545 effectum
670 511 738 552 sit,
767 514 813 544 ut
832 519 953 543 unum
975 509 1143 543 aliumve
1164 510 1293 543 virum
1315 510 1576 553 praeclarum,
1606 510 1674 554 qui

168 580 381 622 praestaret
418 576 558 613 ceteris
593 576 771 612 omnibus
808 576 944 613 aetatis
981 582 1074 612 suae
1111 575 1350 619 hominibus,
1394 587 1456 612 res
1489 574 1674 610 humanas

169 641 397 688 divinasque
420 644 558 678 ceteris
580 644 757 677 omnibus
779 644 919 678 melius
947 641 1196 685 dijudicaret,
1234 644 1448 678 innumeris
1479 644 1675 678 beneficiis

169 708 279 752 cives
305 717 394 743 suos
430 708 614 754 afficeret,
661 690 699 745 et
732 708 911 745 meliores
944 718 1008 745 eos
1044 706 1238 743 reddendo
1267 713 1312 744 vet
1342 708 1552 751 doctiores,
1599 719 1674 742 non

168 773 293 808 solum
328 774 502 811 mercede
529 776 631 819 justa
659 775 896 816 fraudatum,
941 774 1009 810 sed
1039 776 1201 809 irrisum
1232 776 1349 810 etiam
1381 775 1675 820 damnatumque

168 840 307 885 capitis
342 840 533 886 supplicio
564 842 739 877 affectum
779 826 990 876 videamus.
1056 840 1161 875 Inter
1194 840 1276 884 ejus
1315 842 1467 888 generis
1501 840 1674 875 homines

168 905 273 940 haud
297 907 478 942 ultimum
503 908 631 942 locum
653 913 755 943 tenet
778 907 973 951 Socrates,
1003 908 1309 952 sapientissimus
1341 908 1409 943 ille
1429 908 1676 948 Graecei-unu

167 983 280 1018 quem
304 974 431 1019 ipsum
453 973 581 1018 potius
604 974 646 1007 in
669 974 945 1023 causa4fuisse,
985 967 1058 1007 cur
1088 977 1210 1007 morte
1233 971 1371 1020 diguus
1394 972 1585 1017 judicatus
1608 974 1673 1013 sit,

166 1049 281 1084 quam
301 1039 476 1083 judicum
498 1040 600 1075 iram
613 1044 954 1086 accusatorumque
976 1039 1205 1082 calumnias,
1229 1037 1490 1075 demonstrare
1512 1040 1671 1073 fortasse

166 1109 310 1151 potero.

259 1239 475 1274 Accusandi
497 1225 849 1285 condemnandique
869 1228 1042 1275 Socratis
1065 1239 1219 1275 eaedem
1240 1242 1341 1283 fere,
1378 1251 1476 1285 quae
1504 1241 1672 1286 philoso-

168 1303 283 1350 phiae
321 1304 742 1352 omninobinfestandae
773 1306 881 1340 fuere
916 1317 1074 1350 causae,
1115 1317 1212 1352 quae
1242 1307 1402 1353 triginta
1429 1306 1509 1342 fere
1543 1317 1674 1345 annos,

167 1375 368 1416 antequam
380 1376 626 1406 accusaretur
636 1371 831 1415 Socrates,
855 1373 1003 1407 comice
1021 1382 1152 1406 ansam
1168 1372 1428 1421 praebuerunt
1443 1371 1493 1405 ad
1507 1371 1674 1406 irriden-

167 1436 259 1472 dum
285 1437 398 1471 illum
427 1438 469 1472 iu
497 1437 626 1472 fabula
649 1437 921 1482 pulcherrima.
975 1436 1156 1471 Omnium
1178 1438 1282 1472 euim
1304 1438 1450 1471 civium
1472 1437 1675 1472 Athenien-

167 1504 269 1538 sium
306 1502 482 1538 Socrates
518 1512 636 1548 quum
676 1504 824 1549 primus
862 1507 1076 1549 capesseret
1111 1502 1416 1548 philosophiam,
1458 1505 1595 1538 ceteris
1636 1508 1674 1536 et

168 1571 338 1618 ignotam
374 1574 413 1605 et
450 1569 685 1615 despectam,
705 1579 708 1583 ’
732 1581 755 1604 a
792 1569 954 1615 reliquis
993 1569 1233 1616 philosoph-is
1276 1569 1533 1616 sophistisque
1571 1569 1672 1602 nihil

165 1636 371 1671 videbatur
400 1635 578 1680 differre,
617 1647 693 1683 quo
722 1637 909 1682 explicari
942 1636 1115 1679 videtur,
1140 1648 1226 1677 =ctu·
1255 1636 1405 1674 Socrati
1444 1637 1490 1671 ab
1524 1636 1672 1670 Aristo-

165 1703 289 1749 phane
310 1702 433 1737 tribui
454 1703 670 1747 potuerint,
702 1713 799 1748 quae
822 1703 869 1737 ab
891 1703 976 1749 ipso
998 1707 1076 1737 tam
1099 1703 1225 1738 aliena
1248 1708 1375 1744 erant,
1414 1708 1457 1736 ut
1478 1704 1672 1736 contraria

166 1780 339 1819 quaeque
371 1770 409 1805 ei
442 1767 668 1804 viderentur
688 1771 858 1816 propria.
916 1770 1099 1815 Quamvis
1121 1768 1392 1815 Aristophanes
1417 1771 1537 1804 alium
1560 1769 1672 1815 plane

167 1840 393 1881 sequeretur
412 1831 545 1877 finem,
578 1846 624 1869 ac
645 1836 817 1870 Socratis
839 1840 1100 1876 accusatores,
1137 1837 1279 1868 mirum
1303 1839 1428 1870 tamen
1454 1838 1494 1868 in
1518 1835 1671 1869 modum

167 1906 384 1949 congruunt
411 1902 594 1945 crimina,
611 1902 726 1947 *quae
753 1903 795 1936 in
819 1902 931 1936 illum
954 1902 1151 1937 conferunt
1173 1902 1340 1947 utrique.
1397 1901 1563 1937 Juvenes
1587 1912 1672 1936 cor—

166 1967 318 2013 rupisse
341 1966 505 2014 dcos‘que
529 1970 793 2011 contemsisse,
831 1974 871 2003 et
901 1969 943 2003 in
970 1969 1132 2003 nubium
1154 1967 1284 2002 fabula
1306 1972 1345 2003 et
1367 1969 1409 2002 in
1425 1970 1582 2002 actione
1603 1979 1672 2013 pu·

166 2033 270 2068 blica
291 2034 389 2069 vitio
411 2036 580 2070 vertitur
599 2035 762 2071 Socrati.
818 2035 1094 2081 Aristophanes
1116 2040 1243 2071 autem
1266 2028 1403 2070 novam
1426 2040 1463 2070 et
1486 2034 1674 2071 educandi

167 2104 206 2134 et
227 2101 294 2135 rei·
307 2100 484 2146 publicae
506 2102 694 2149 regendae
717 2097 923 2144 rationem,
961 2113 1058 2147 quae
1086 2113 1109 2136 a
1132 2102 1316 2147 sophistis
1337 2102 1492 2145 juvenes
1516 2100 1676 2135 doceba-

166 2170 251 2209 tur,
295 2156 552 2212 perniciosam
583 2179 665 2204 esse
687 2167 886 2204 munden-s
913 2168 1057 2211 voluit,
1107 2170 1253 2214 Anytus
1283 2172 1415 2203 contra
1432 2166 1675 2212 Melitusque

587 2244 605 2254 κ
